1692 2948
565 195 882 225 CARRICTRURA.
1303 193 1381 226 169

240 280 311 319 An
329 276 503 319 mitteres
520 285 561 317 tu
579 291 643 316 me
662 276 799 330 ipsum·
814 277 838 315 ὲ
858 291 947 315 meo
967 276 1099 317 circo?

186 359 306 400 Dixit
317 372 397 398 vox
408 356 540 411 gravis
552 358 670 409 cujus
677 365 758 396 erat
768 355 943 396 maxime
956 355 1199 396 indistinctus
1211 372 1341 398 sonus,

185 438 296 481 Mihi
316 439 460 478 cedunt
477 436 672 477 exercitus
689 438 880 484 heroum;

184 518 377 571 Despicio
397 520 444 558 de
464 531 554 556 meo
573 517 726 556 tumulo
745 530 860 568 super
881 516 1089 568 populum,

187 600 241 639 Et
259 600 396 639 cadent
412 597 474 637 illi
494 606 538 636 ut
555 596 704 640 cineres
720 595 762 634 in
780 610 870 637 meo
888 605 1126 648 conspectu3

185 678 223 718 E
243 693 333 717 meo
351 677 475 717 halitu
491 676 601 716 venit
617 676 758 716 flamen
777 675 931 715 mortis.

187 755 338 797 Prodeo
357 770 430 810 ego
447 755 553 795 foras
571 754 612 794 in
633 755 758 794 altum
778 769 894 806 super
915 763 1056 803 vent03

187 835 285 874 Sunt
303 835 497 886 procellae
517 849 557 874 se
576 834 781 873 fundentes
801 848 933 885 supra,
1264 835 1384 890 [lom

188 914 307 954 Circa
324 928 458 954 meum
474 913 732 966 supercilium
744 914 935 967 frigidum
950 915 1020 957 sub
1029 915 1207 955 torvitate
1224 915 1304 956 sine
1320 931 1386 959 co,

186 992 261 1032 Est
276 992 536 1046 tranquillum·
549 1007 685 1032 meum
704 993 951 1033 domicilium
971 993 1013 1033 in
1033 994 1219 1044 nubibus,

188 1070 286 1110 Sunt
299 1069 464 1121 jucundi
483 1070 615 1122 campi
634 1069 769 1124 magni
787 1070 867 1109 mei
886 1071 1052 1123 soporis.

243 1150 367 1205 (Fac)
386 1165 482 1203 cape
502 1151 851 1194 commorationem
866 1151 907 1191 in
926 1151 1003 1192 tuis
1023 1151 1189 1203 campis,

189 1230 311 1271 Dixit
321 1245 392 1270 rex
404 1230 473 1284 qui
485 1245 565 1270 non
578 1239 660 1270 erat
670 1245 808 1281 vanus,
820 1240 857 1270 et
869 1231 952 1283 ejus
965 1245 1083 1269 manu
1096 1245 1213 1283 super
1224 1232 1319 1270 telo.-

191 1310 260 1350 Sin
280 1309 410 1352 minus
429 1312 631 1353 recordare
649 1309 777 1350 filium
799 1310 977 1350 Comalis
993 1310 1034 1349 in
1055 1325 1221 1363 campo3

188 1388 911 1443 Infirmurnesttuumspectrum3-—est
918 1404 1107 1444 magnum
1114 1392 1387 1431 meumrobur.

193 1470 263 1510 An
281 1469 392 1508 movi
411 1484 485 1523 ego
502 1483 638 1512 meum
657 1483 814 1522 passum
833 1470 856 1509 ὲ
873 1479 1006 1509 monte

190 1549 258 1588 Ad
270 1557 381 1590 tuam·
390 1550 522 1589 aulam
533 1548 672 1601 ipsius,
683 1548 724 1588 in
737 1563 877 1601 campo
889 1549 958 1602 qui
969 1558 1025 1589 est
1037 1550 1293 1603 tranquillus?

190 1628 259 1667 An
279 1628 445 1668 occurrit
463 1643 551 1668 mea
571 1630 684 1669 hasta
702 1628 744 1669 in
764 1643 843 1682 qua
861 1639 918 1668 est
937 1629 1014 1681 vis,

192 1707 239 1747 In
258 1707 404 1747 amictu
421 1709 623 1754 coelorum
643 1708 733 1748 voci

192 1786 344 1828 Larvae
362 1787 496 1841 nigrae
516 1789 564 1834 ad
581 1788 732 1827 circum
751 1788 902 1827 formae
923 1787 1111 1829 Lodinis?

133 2009 275 2049 Dwell
289 2010 332 2049 in
345 2012 419 2066 thy
434 2012 608 2065 pleasant
622 2013 747 2063 fields,
763 2013 847 2053 said
862 2016 926 2053 the
941 2013 1044 2066 king
1057 2029 1065 2051 ε
1099 2014 1171 2052 Let
1189 2014 1394 2055 Comhal's

84 2103 153 2128 son
181 2089 231 2129 be
262 2089 406 2144 forgot.
465 2092 534 2132 Do
555 2108 625 2148 my
645 2102 747 2145 steps
766 2096 920 2142 ascend,
951 2094 1055 2132 from
1082 2108 1153 2146 my
1174 2093 1282 2143 hius,
1312 2093 1394 2137 into

82 2169 154 2221 thy
174 2170 357 2221 peaceful
376 2171 531 2223 plains?
563 2173 670 2212 Do-I
691 2182 796 2212 meet
815 2175 919 2221 thee,
937 2173 1035 2211 with
1057 2188 1079 2210 a
1097 2187 1223 2224 spear,
1252 2189 1303 2212 on
1324 2175 1396 2228 thy

83 2247 214 2297 cloud,
242 2249 355 2301 spirit
384 2251 431 2292 of
455 2251 597 2291 dismal
627 2252 764 2296 Loda?
795 2253 909 2307 Why
928 2255 1021 2295 then
1050 2254 1135 2292 dost
1152 2255 1248 2292 thou
1267 2254 1396 2305 srown

86 2341 135 2366 on
172 2330 264 2367 me?
314 2331 410 2383 why
447 2329 571 2369 shake
601 2330 710 2372 thine
736 2330 822 2384 airy
860 2332 999 2382 spear?
1061 2331 1180 2370 Thou
1212 2333 1397 2371 frownest

29 2463 34 2468 ᾖ
85 2405 127 2447 in
159 2409 274 2449 vain:
325 2409 344 2448 I
382 2424 502 2448 never
537 2410 611 2449 fled
648 2409 752 2449 from
790 2412 855 2450 the
876 2410 1033 2465 mighty
1069 2411 1110 2451 in
1147 2427 1242 2451 war.
1301 2414 1398 2452 And

88 2487 187 2529 shall
242 2489 307 2529 the
366 2504 458 2529 sons
507 2490 554 2533 of
605 2491 671 2530 the
725 2489 833 2534 wind
878 2490 1052 2549 frighten
1097 2492 1163 2539 the
1208 2491 1309 2553 king
1355 2493 1402 2539 of
1446 2548 1454 2551 Χ
