1692 2948
501 196 671 266 ΡόΕΜε,
691 220 749 250 OF
782 220 975 253 ossxAN.
1005 194 1011 211 ’

350 336 392 372 A
411 333 558 371 drinnlin
577 333 662 370 cless
679 347 718 370 er
734 347 755 370 a
772 332 848 371 claa

336 395 455 436 Clawe
473 406 585 433 trome
603 395 740 446 tortoyl
757 410 836 433 nac·
854 409 949 446 gann

339 460 390 497 Gi
409 468 492 495 tenn
509 472 548 495 er
564 458 656 495 teive
673 459 708 495 in
726 459 774 495 irr
791 472 854 496 vor

335 525 377 561 A
396 525 530 575 gymirt
547 523 633 561 class
651 523 712 560 ossi
729 524 838 560 chind

335 589 374 624 Is
391 602 411 624 a
428 587 529 624 techt
547 588 582 623 in
602 587 707 637 genni
726 587 805 636 tloy

333 652 392 689 Ya
409 651 554 689 woneiss
572 651 659 701 yasg
677 653 716 701 gi
734 665 840 701 moya

333 716 376 752 A
395 715 513 752 seffow
531 715 566 751 in
584 714 736 765 gawlow
755 714 840 765 sszay·

334 779 388 815 Er
406 787 483 814 nert
501 792 539 814 er
560 777 657 827 ·gass{
674 792 712 814 er
730 777 822 827 yelle

334 842 392 879 Ne
410 841 467 879 elli
485 841 538 878 fer
555 842 621 880 mir
638 855 694 878 ac·
711 841 774 890 say

334 904 432 942 Naill
449 905 525 942 flat·
543 918 633 954 agus
650 903 726 940 rosc
748 904 853 941 Reic-

335 968 378 1004 In
397 981 490 1018 genn
508 967 544 1004 in
561 968 593 1003 ir
609 967 645 1004 fa
663 967 777 1017 keyve
790 981 888 1004 crow
952 1015 960 1019 α

331 1031 429 1069 Mat·
447 1032 482 1068 in
501 1030 614 1081 noyth
631 1031 660 1067 is
678 1030 714 1067 fa
732 1030 804 1080 gall
822 1045 843 1067 a
860 1033 957 1080 yayd

333 1096 373 1131 Is
391 1095 503 1144 loayt·
521 1108 542 1132 a
560 1095 659 1144 stayd
677 1108 722 1131 no
741 1095 779 1144 gi
797 1094 887 1131 srow

331 1158 455 1195 Tanik
472 1158 508 1195 in
526 1158 622 1196 stead
639 1157 688 1194 sm
706 1159 741 1195 in
760 1158 834 1195 deir

333 1223 397 1259 Sin
415 1222 468 1259 far
486 1237 547 1259 nar
564 1222 674 1259 weine
693 1222 738 1258 ris
756 1223 791 1258 in
810 1221 923 1272 nayne

334 1285 465 1334 Keigit
484 1284 600 1322 Leich
619 1285 740 1322 wemir
758 1298 826 1322 ann

333 1348 457 1397 Yonyt
475 1362 513 1384 ra
530 1348 687 1397 hynsyth
707 1361 771 1397 gar
788 1362 850 1384 nar

333 1412 372 1448 Is
391 1425 428 1448 er
446 1411 545 1461 eggil
563 1412 597 1447 in
616 1412 669 1448 nir
686 1412 714 1447 is
732 1425 753 1447 a
769 1411 890 1461 heyck

333 1475 391 1511 Ne
410 1488 517 1523 royve
536 1474 652 1511 Leich
670 1475 751 1523 yein
769 1489 839 1524 gan
857 1489 964 1525 yrane

332 1539 386 1575 Di
403 1547 499 1574 twne
517 1538 582 1574 mir
599 1537 708 1574 hanik
726 1538 761 1574 in
779 1538 855 1575 deir

333 1601 462 1641 Dan-it
479 1602 514 1638 in
536 1601 651 1638 Reich
669 1601 705 1638 fa
723 1602 822 1638 math
840 1602 908 1638 clw

333 1665 378 1702 In
397 1665 518 1702 nathni
536 1674 611 1701 tow
629 1664 712 1714 feyn
730 1678 752 1701 a
769 1679 846 1701 wen

334 1729 379 1766 In
399 1743 442 1765 na
460 1727 557 1765 sowd
575 1729 610 1765 in
628 1727 680 1765 fer
698 1742 717 1765 a
735 1729 797 1766 der
815 1737 890 1766 tow

334 1792 529 1842 Hanneym
548 1793 617 1829 Vic
637 1792 764 1829 Coulle
782 1807 803 1829 a
822 1793 906 1829 Ynd

334 1857 374 1893 Is
391 1856 495 1893 fowir
507 1856 579 1892 linn
598 1870 618 1892 a
636 1857 671 1905 yi
690 1866 772 1893 tane

334 1920 449 1971 Targi
468 1919 528 1970 say
546 1920 630 1956 meis
649 1933 721 1956 wra
738 1919 808 1956 lest}

336 1985 398 2023 Ga
416 1993 502 2021 mat·
521 1985 557 2021 di
575 1984 692 2021 threih
710 1998 730 2021 a
750 1985 838 2022 Inne
857 1983 946 2034 ayllc

334 2049 450 2086 Derre
470 2048 576 2086 Osszir
594 2062 682 2099 agus
702 2048 833 2086 Gowle

332 2113 378 2149 Bi
396 2114 494 2150 worb
512 2112 626 2150 cosszir
642 2112 725 2149 lonn
743 2113 778 2148 in
797 2113 888 2162 gath

334 2176 437 2213 Nane
455 2176 573 2214 seffow
590 2178 625 2214 in
644 2191 709 2227 gar
725 2177 760 2214 in
778 2175 877 2226 tloyc

335 2241 452 2278 Eddir
468 2241 503 2277 in
522 2240 575 2278 far
592 2254 669 2278 mor
686 2241 711 2277 fi
731 2240 848 2277 Flaat·

334 2304 464 2342 Hanik
481 2305 517 2341 in
537 2304 652 2341 Leich
669 2305 707 2342 bi
725 2312 810 2341 wat·
829 2303 944 2342 tlacht'

335 2369 419 2418 Lay
438 2368 502 2405 feic
520 2370 548 2405 is
565 2369 624 2418 lay
642 2377 719 2406 nart
737 2383 784 2405 no
803 2382 897 2418 genn

337 2433 447 2482 Agus
466 2432 603 2470 foddeis
621 2447 727 2482 woyn
746 2433 781 2469 in
800 2442 866 2469 ven

337 2496 391 2533 Di
410 2509 462 2532 we
481 2509 546 2546 gar
561 2510 583 2532 a
600 2495 695 2544 yolin
716 2496 784 2538 Inn

338 2559 428 2596 Tuk
447 2573 522 2596 mac
543 2559 651 2597 Morn
670 2560 705 2596 in
722 2559 860 2596 turchir
873 2556 961 2598 dane

341 2624 392 2660 Gi
406 2637 493 2674 croy
511 2638 556 2662 no
574 2638 645 2679 yey
664 2624 722 2661 din
740 2624 857 2675 tleyg·

724 2689 764 2725 G

1313 2689 1386 2740 Ne}
